@inproceedings{agrawal2011stroke,
  title={Stroke-like pattern noise removal in binary document images},
  author={Agrawal, Mudit and Doermann, David},
  booktitle={2011 International Conference on Document Analysis and Recognition (ICDAR)},
  pages={17--21},
  year={2011},
  organization={IEEE}
}

  %booktitle={Document Analysis and Recognition (ICDAR), 2011 International Conference on},


@inproceedings{dodig2002scientific,
  title={Scientific methods in computer science},
  author={Dodig-Crnkovic, Gordana},
  booktitle={Proceedings of the Conference for the Promotion of Research in IT at New Universities and at University Colleges in Sweden, Sk{\"o}vde, Suecia},
  pages={126--130},
  year={2002}
}

@article{gatos2006adaptive,
  title={Adaptive degraded document image binarization},
  author={Gatos, Basilios and Pratikakis, Ioannis and Perantonis, Stavros J},
  journal={Pattern recognition},
  volume={39},
  number={3},
  pages={317--327},
  year={2006},
  publisher={Elsevier}
}

@inproceedings{gatos2008efficient,
  title={Efficient binarization of historical and degraded document images},
  author={Gatos, Basilios and Pratikakis, Ioannis and Perantonis, Stavros J},
  booktitle={Document Analysis Systems, 2008. DAS'08. The Eighth IAPR International Workshop on},
  pages={447--454},
  year={2008},
  organization={IEEE}
}

@inproceedings{howe2011laplacian,
  title={A laplacian energy for document binarization},
  author={Howe, Nicholas R},
  booktitle={2011 International Conference on Document Analysis and Recognition (ICDAR)},
  pages={6--10},
  year={2011},
  organization={IEEE}
}

%  booktitle={Document Analysis and Recognition (ICDAR), 2011 International Conference on},


@article{jacob2014survey,
  title={A Survey On Binarization Of Historical Degraded Documents},
  author={Jacob, Bency and Waykar, SB},
  year={2014}
}

@article{lawson2000generality,
  title={The generality of hypothetico-deductive reasoning: Making scientific thinking explicit},
  author={Lawson, Anton E},
  journal={The American Biology Teacher},
  volume={62},
  number={7},
  pages={482--495},
  year={2000},
  publisher={BioOne}
}

@inproceedings{lins2015binarizing,
  title={Binarizing complex scanned documents},
  author={Lins, Rafael Dueire and Gabriel de Fran{\c{c}}a, P and de Almeida, Marcos Martins},
  booktitle={2015 13th International Conference on Document Analysis and Recognition (ICDAR)},
  pages={56--60},
  year={2015},
  organization={IEEE}
}

%booktitle={Document Analysis and Recognition (ICDAR), 2015 13th International Conference on},

@inproceedings{lund2013multiple,
  title={Why multiple document image binarizations improve OCR},
  author={Lund, William B and Kennard, Douglas J and Ringger, Eric K},
  booktitle={Proceedings of the 2nd International Workshop on Historical Document Imaging and Processing (HIP)},
  pages={86--93},
  year={2013},
  organization={ACM}
} 

@book{mayo1996error,
  title={Error and the growth of experimental knowledge},
  author={Mayo, Deborah G},
  year={1996},
  publisher={University of Chicago Press}
}

@inproceedings{ntogas2008binarization,
  title={A binarization algorithm for historical manuscripts},
  author={Ntogas, Nikolaos and Veintzas, Dimitrios},
  booktitle={WSEAS International Conference. Proceedings. Mathematics and Computers in Science and Engineering},
  number={12},
  year={2008},
  organization={World Scientific and Engineering Academy and Society}
}

@book{o1995document,
  title={Document image analysis},
  author={O'Gorman, Lawrence and Kasturi, Rangachar},
  volume={39},
  year={1995},
  publisher={IEEE Computer Society Press Los Alamitos}
}

@book{oates2005researching,
  title={Researching information systems and computing},
  author={Oates, Briony J},
  year={2005},
  publisher={Sage}
}

@book{ogier2006madonne,
  title={Madonne: document image analysis techniques for cultural heritage documents},
  author={Ogier, Jean-Marc and Tombre, Karl},
  year={2006},
  publisher={na}
}

@article{sprenger2011hypothetico,
  title={Hypothetico-Deductive Confirmation},
  author={Sprenger, Jan},
  journal={Philosophy Compass},
  volume={6},
  number={7},
  pages={497--508},
  year={2011},
  publisher={Wiley Online Library}
}

@inproceedings{su2010binarization,
  title={Binarization of historical document images using the local maximum and minimum},
  author={Su, Bolan and Lu, Shijian and Tan, Chew Lim},
  booktitle={Proceedings of the 9th IAPR International Workshop on Document Analysis Systems},
  pages={159--166},
  year={2010},
  organization={ACM}
}

@inproceedings{su2011combination,
  title={Combination of document image binarization techniques},
  author={Su, Bolan and Lu, Shijian and Tan, Chew Lim},
  booktitle={2011 International Conference on Document Analysis and Recognition (ICDAR)},
  pages={22--26},
  year={2011},
  organization={IEEE}
}
%  booktitle={Document Analysis and Recognition (ICDAR), 2011 International Conference on},

@book{tucker2004computer,
  title={Computer science handbook},
  author={Tucker, Allen B},
  year={2004},
  publisher={CRC press}
}

@inproceedings{wang2015mrf,
  title={MRF based text binarization in complex images using stroke feature},
  author={Wang, Yanna and Shi, Cunzhao and Xiao, Baihua and Wang, Chunheng},
  booktitle={2015 13th International Conference on Document Analysis and Recognition (ICDAR)},
  pages={821--825},
  year={2015},
  organization={IEEE}
}

 % booktitle={Document Analysis and Recognition (ICDAR), 2015 13th International Conference on},
