@book{bruen2011cryptography,
  title={Cryptography, information theory, and error-correction: a handbook for the 21st century},
  author={Bruen, Aiden A and Forcinito, Mario A},
  volume={68},
  year={2011},
  publisher={John Wiley \& Sons}
}
@article{bellovin2011frank,
  title={Frank Miller: Inventor of the one-time pad},
  author={Bellovin, Steven M},
  journal={Cryptologia},
  volume={35},
  number={3},
  pages={203--222},
  year={2011},
  publisher={Taylor \& Francis}
}
@misc{vernam1919secret,
  title={Secret signaling system},
  author={Vernam, Gilbert S},
  year={1919},
  month=jul # "~22",
  publisher={Google Patents},
  note={US Patent 1,310,719}
}
@book{pfleeger2002security,
  title={Security in computing},
  author={Pfleeger, Charles P and Pfleeger, Shari Lawrence},
  year={2002},
  publisher={Prentice Hall Professional Technical Reference}
}
